@article{arrazola_recent_2013,
	title = {Recent advances in modelling of metal machining processes},
	volume = {62},
	doi = {10.1016/j.cirp.2013.05.006},
	number = {2},
	journal = {CIRP Annals},
	author = {Arrazola, P. J. and Özel, T. and Umbrello, D. and Davies, M. and Jawahir, I. S.},
	year = {2013},
	pages = {695--718},
}

@article{abouridouane_friction_2021,
	series = {18th {CIRP} {Conference} on {Modeling} of {Machining} {Operations} ({CMMO}), {Ljubljana}, {Slovenia}, {June} 15-17, 2021},
	title = {Friction behavior in metal cutting: {Modeling} and simulation},
	volume = {102},
	doi = {10.1016/j.procir.2021.09.069},
	journal = {Procedia CIRP},
	author = {Abouridouane, Mustapha and Bergs, Thomas and Schraknepper, Daniel and Wirtz, Guido},
	year = {2021},
	pages = {405--410},
}

@article{sela_measurement_2021,
	title = {Measurement of plastic strain and plastic strain rate during orthogonal cutting for {Ti}-{6Al}-{4V}},
	volume = {198},
	doi = {10.1016/j.ijmecsci.2021.106397},
	journal = {International Journal of Mechanical Sciences},
	author = {Sela, A. and Ortiz-de-Zarate, G. and Soler, D. and Germain, G. and Aristimuño, P. and Arrazola, P. J.},
	year = {2021},
	pages = {106397},
}

@article{afrasiabi_numerical-experimental_2021,
	title = {A {Numerical}-{Experimental} {Study} on {Orthogonal} {Cutting} of {AISI} 1045 {Steel} and {Ti6Al4V} {Alloy}: {SPH} and {FEM} {Modeling} with {Newly} {Identified} {Friction} {Coefficients}},
	volume = {11},
	doi = {10.3390/met11111683},
	number = {11},
	journal = {Metals},
	author = {Afrasiabi, Mohamadreza and Saelzer, Jannis and Berger, Sebastian and Iovkov, Ivan and Klippel, Hagen and Röthlin, Matthias and Zabel, Andreas and Biermann, Dirk and Wegener, Konrad},
	year = {2021},
	pages = {1683},
}

@article{ducobu_application_2016,
	title = {Application of the {Coupled} {Eulerian}-{Lagrangian} ({CEL}) method to the modeling of orthogonal cutting},
	volume = {59},
	doi = {10.1016/j.euromechsol.2016.03.008},
	journal = {European Journal of Mechanics, A/Solids},
	author = {Ducobu, F. and Rivière-Lorphèvre, E. and Filippi, E.},
	year = {2016},
	pages = {58--66},
}

@article{xu_simulation_2021,
	series = {18th {CIRP} {Conference} on {Modeling} of {Machining} {Operations} ({CMMO}), {Ljubljana}, {Slovenia}, {June} 15-17, 2021},
	title = {Simulation of material side flow using a {3D} coupled {Eulerian}-{Lagrangian} approach and a constitutive model considering the stress state},
	volume = {102},
	doi = {10.1016/j.procir.2021.09.075},
	journal = {Procedia CIRP},
	author = {Xu, Xiang and Outeiro, José and Zhang, Jun and Li, Baochen and Zhao, Wanhua},
	year = {2021},
	pages = {441--446},
}

@article{ducobu_finite_2017,
	title = {Finite element modelling of {3D} orthogonal cutting experimental tests with the {Coupled} {Eulerian}-{Lagrangian} ({CEL}) formulation},
	volume = {134},
	doi = {10.1016/j.finel.2017.05.010},
	journal = {Finite Elements in Analysis and Design},
	author = {Ducobu, F. and Rivière-Lorphèvre, E. and Filippi, E.},
	year = {2017},
	pages = {27--40},
}

@article{ambrosio_new_2022,
	title = {A new damage evolution criterion for the coupled {Eulerian}-{Lagrangian} approach: {Application} to three-dimensional numerical simulation of segmented chip formation mechanisms in orthogonal cutting},
	volume = {73},
	issn = {1526-6125},
	doi = {10.1016/j.jmapro.2021.10.062},
	journal = {Journal of Manufacturing Processes},
	author = {Ambrosio, D. and Tongne, A. and Wagner, V. and Dessein, G. and Cahuc, O.},
	year = {2022},
	pages = {149--163},
}

@article{vovk_finite_2020,
	series = {5th {CIRP} {Conference} on {Surface} {Integrity} ({CSI} 2020)},
	title = {Finite element simulations of the material loads and residual stresses in milling utilizing the {CEL} method},
	volume = {87},
	doi = {10.1016/j.procir.2020.03.005},
	journal = {Procedia CIRP},
	author = {Vovk, Andrey and Sölter, Jens and Karpuschewski, Bernhard},
	year = {2020},
	pages = {539--544},
}

@article{hardt_three_2021,
	series = {18th {CIRP} {Conference} on {Modeling} of {Machining} {Operations} ({CMMO}), {Ljubljana}, {Slovenia}, {June} 15-17, 2021},
	title = {Three {Dimensional} {Numerical} {Modeling} of {Face} {Turning} {Using} the {Coupled}-{Eulerian}-{Lagrangian} {Formulation}},
	volume = {102},
	doi = {10.1016/j.procir.2021.09.028},
	journal = {Procedia CIRP},
	author = {Hardt, M. and Bergs, T.},
	year = {2021},
	pages = {162--167},
}

@article{melkote_advances_2017,
	title = {Advances in material and friction data for modelling of metal machining},
	volume = {66},
	doi = {10.1016/j.cirp.2017.05.002},
	number = {2},
	journal = {CIRP Annals},
	author = {Melkote, Shreyes N. and Grzesik, Wit and Outeiro, Jose and Rech, Joel and Schulze, Volker and Attia, Helmi and Arrazola, Pedro-J. and M’Saoubi, Rachid and Saldana, Christopher},
	year = {2017},
	pages = {731--754},
}

@inproceedings{johnson_constitutive_1983,
	address = {The Hague, The Netherlands},
	title = {A constitutive model and data for metals subjected to large strains, high strain rates and high temperatures},
	volume = {21},
	booktitle = {Proceedings of the 7th {International} {Symposium} on {Ballistics}},
	author = {Johnson, G.R. and Cook, W.H.},
	year = {1983},
	pages = {541--547},
}

@article{hardt_investigations_2021,
	title = {Investigations on the {Application} of the {Downhill}-{Simplex}-{Algorithm} to the {Inverse} {Determination} of {Material} {Model} {Parameters} for {FE}-{Machining} {Simulations}},
	volume = {107},
	doi = {10.1016/j.simpat.2020.102214},
	journal = {Simulation Modelling Practice and Theory},
	author = {Hardt, M. and Schraknepper, D. and Bergs, T.},
	year = {2021},
	pages = {102214},
}

@article{pantale_efficient_2022,
	title = {Efficient implementation of non-linear flow law using neural network into the {Abaqus} {Explicit} {FEM} code},
	volume = {198},
	doi = {10.1016/j.finel.2021.103647},
	journal = {Finite Elements in Analysis and Design},
	author = {Pantalé, Olivier and Tize Mha, Pierre and Tongne, Amèvi},
	year = {2022},
	pages = {103647},
}

@article{rech_characterisation_2013,
	title = {Characterisation of friction and heat partition coefficients at the tool-work material interface in cutting},
	volume = {62},
	doi = {10.1016/j.cirp.2013.03.099},
	language = {en},
	journal = {CIRP Annals},
	author = {Rech, J. and Arrazola, P. J. and Claudin, C. and Courbon, C. and Pusavec, F. and Kopac, J.},
	year = {2013},
	pages = {79--82},
}

@article{ducobu_experimental_2015,
	title = {Experimental contribution to the study of the {Ti6Al4V} chip formation in orthogonal cutting on a milling machine},
	volume = {8},
	doi = {10.1007/s12289-014-1189-4},
	number = {3},
	journal = {International Journal of Material Forming},
	author = {Ducobu, F. and Rivière-Lorphèvre, E. and Filippi, E.},
	year = {2015},
	pages = {455--468},
}

@article{pantale_coefficients_2022,
	title = {Coefficients of an {ANN} constitutive flow law of a {Ti6}-{Al}-{4V} material for dynamic applications},
	journal = {Zenodo},
	author = {Pantalé, Olivier},
	year = {2022},
}